
@book{panduan-anti-plagiarisme,
	author = {Purwani Istiana},
	title = {Panduan Anti Plagiarisme},
	date = {2016},
	year ={2016},
}

@book{introduction-information-retrieval,
	author = {Christopher D. Manning and Prabhakar Raghavan and Hinrich Schutze},
	title = {An Introduction to Information Retrieval},
	date = {April 1, 2009},
	year = {2009},
}

@book{information-retrieval,
	author = {Van Rijsbergen},
	title = {Information Retrieval},
	date = {April 1, 2009},
	year = {2009},
}

@book{tira,
	author = {Martin Potthast and Matthias Hagen and Tim Gollub and Martin Tippmann and Johannes Kiesel and Paolo Rosso and Efstathios Stamatatos and Benno Stein},
	title = {Information Access Evaluation. Multilinguality, Multimodality, and Visualization, Lecture Notes in Computer Science},
	date = {date},
	year = {2013},
}

@book{it,
	author = {iThenticate: Professional Plagiarism Prevention},
	title = {2012 Survey Highlights: Scholarly Plagiarism},
	journaltitle = {journaltitle},
	date = {2012},
	year = {2012},
}

@book{dataset,
	author = {Martin Potthast and Tim Gollub and Francisco Rangel and Paolo Rosso and Efstathios Stamatatos and Benno Stein},
	title = {Improving the Reproducibility of PANâ€™s Shared Tasks: Plagiarism Detection, Author Identification, and Author Profiling},
	journaltitle = {journaltitle},
	date = {2014},
	year = {2014},
}

@book{overview6,
	author = {Martin Potthast and Matthias Hagen and Anna Beyer and Matthias Busse and
	Martin Tippmann and Paolo Rosso and Benno Stein1},
	title = {Overview of the 6th International Competition on Plagiarism Detection},
	journaltitle = {journaltitle},
	date = {2014},
	year = {2014},
}

@book{skipgram,
	author = {David Guthrie and Ben Allison and Wei Liu and Louise Guthrie and Yorick Wilks},
	title = {A Closer Look at Skip-gram Modelling},
	date = {date},
	year = {2006},
}

@book{mcs,
	author = {Philipp Gross and Pashutan Modaresi},
	title = {Plagiarism Alignment Detection by Merging Context},
	journaltitle = {journaltitle},
	date = {date},
	year = {2014},
}

@online{pan-task-2014,
	author = {PAN},
	title = {Plagiarism Detection},
	date = {date},
	url = {http://pan.webis.de/clef14/pan14-web/plagiarism-detection.html},
	year = {2014},
}

@book{overview5,
	author = {Martin Potthast and Matthias Hagen and Anna Beyer and Matthias Busse and
	Martin Tippmann and Paolo Rosso and Benno Stein1},
	title = {Overview of the 5th International Competition on Plagiarism Detection},
	journaltitle = {journaltitle},
	date = {2014},
	year = {2014},
}

@book{dist,
	author = {Kilian Q. Weinberger and Lawrence K. Saul},
	title = {Distance Metric Learning for Large Margin
	Nearest Neighbor Classification},
	journaltitle = {journaltitle},
	date = {2009},
	year = {2009},
}